@article{tumminello2010correlation,
  title={Correlation, hierarchies, and networks in financial markets},
  author={Tumminello, Michele and Lillo, Fabrizio and Mantegna, Rosario N},
  journal={Journal of economic behavior \& organization},
  volume={75},
  number={1},
  pages={40--58},
  year={2010},
  publisher={Elsevier}
}
@article{bonanno2004networks,
  title={Networks of equities in financial markets},
  author={Bonanno, Giovanni and Caldarelli, Guido and Lillo, Fabrizio and Micciche, Salvatore and Vandewalle, Nicolas and Mantegna, Rosario Nunzio},
  journal={The European Physical Journal B},
  volume={38},
  pages={363--371},
  year={2004},
  publisher={Springer}
}
@book{williams2008financial,
  author={Jan R. Williams and Susan F. Haka and Mark S. Bettner and Joseph V. Carcello},
  title={Financial \& Managerial Accounting},
  year={2008},
  publisher={McGraw-Hill Irwin},
  pages={40},
  isbn={978-0-07-299650-0}
}
@article{bland1996statistics,
  title={Statistics notes: measurement error},
  author={Bland, J Martin and Altman, Douglas G},
  journal={Bmj},
  volume={312},
  number={7047},
  pages={1654},
  year={1996},
  publisher={British Medical Journal Publishing Group}
}
@misc{bowley1920elements,
  title={Elements of statistics (PS King)},
  author={Bowley, AL and Arthur, LS},
  year={1920},
  publisher={London}
}
@article{pearson1905fehlergesetz,
  title={“DAS FEHLERGESETZ UND SEINE VERALLGEMEINER-UNGEN DURCH FECHNER UND PEARSON.” A REJOINDER},
  author={Pearson, Karl},
  journal={Biometrika},
  volume={4},
  number={1-2},
  pages={169--212},
  year={1905},
  publisher={Oxford University Press}
}
@article{freeman2002centrality,
  title={Centrality in social networks: Conceptual clarification},
  author={Freeman, Linton C and others},
  journal={Social network: critical concepts in sociology. Londres: Routledge},
  volume={1},
  pages={238--263},
  year={2002}
}
@book{zaki2014data,
  title={Data mining and analysis: fundamental concepts and algorithms},
  author={Zaki, Mohammed J and Meira, Wagner},
  year={2014},
  publisher={Cambridge University Press}
}
@article{holland1971transitivity,
  title={Transitivity in structural models of small groups},
  author={Holland, Paul W and Leinhardt, Samuel},
  journal={Comparative group studies},
  volume={2},
  number={2},
  pages={107--124},
  year={1971},
  publisher={Sage Publications Sage CA: Thousand Oaks, CA}
}
@article{pastor2001dynamical,
  title={Dynamical and correlation properties of the internet},
  author={Pastor-Satorras, Romualdo and V{\'a}zquez, Alexei and Vespignani, Alessandro},
  journal={Physical review letters},
  volume={87},
  number={25},
  pages={258701},
  year={2001},
  publisher={APS}
}
@article{furfine1999pricing,
  author={Furfine, Craig},
  title={The Pricing of Overnight Index Swaps: Evidence from the Cross-Currency Market},
  journal={Journal of Financial Services Research},
  volume={15},
  number={1-2},
  pages={5--26},
  year={1999},
  publisher={Springer}
}

