@misc{cui2019consistency,
      title={Consistency of survival tree and forest models: splitting bias and correction}, 
      author={Yifan Cui and Ruoqing Zhu and Mai Zhou and Michael Kosorok},
      year={2019},
      eprint={1707.09631},
      archivePrefix={arXiv},
      primaryClass={math.ST},
      url={https://arxiv.org/pdf/1707.09631.pdf}
}

@article{Ishwaran_2008,
	doi={10.1214/08-aoas169},
	url={https://doi.org/10.1214%2F08-aoas169},
	year=2008,	month={sep},
	publisher={Institute of Mathematical Statistics},
	volume={2},
	number={3},
	author={Hemant Ishwaran and Udaya B. Kogalur and Eugene H. Blackstone and Michael S. Lauer},
	title={Random survival forests},
	journal={The Annals of Applied Statistics}
}

@book{kleinbaum1996survival,
  title={Survival analysis a self-learning text},
  author={Kleinbaum, David G and Klein, Mitchel},
  year={1996},
  publisher={Springer}
}

@article{harrell1982evaluating,
  title={Evaluating the yield of medical tests},
  author={Harrell, Frank E and Califf, Robert M and Pryor, David B and Lee, Kerry L and Rosati, Robert A},
  journal={Jama},
  volume={247},
  number={18},
  pages={2543--2546},
  year={1982},
  publisher={American Medical Association}
}

@article{stepanova2002survival,
  title={Survival analysis methods for personal loan data},
  author={Stepanova, Maria and Thomas, Lyn},
  journal={Operations Research},
  volume={50},
  number={2},
  pages={277--289},
  year={2002},
  publisher={INFORMS}
}

@article{gregoriou2002hedge,
  title={Hedge fund survival lifetimes},
  author={Gregoriou, Greg N},
  journal={Journal of Asset Management},
  volume={3},
  pages={237--252},
  year={2002},
  publisher={Springer}
}

@article{goel2010understanding,
  title={Understanding survival analysis: Kaplan-Meier estimate},
  author={Goel, Manish Kumar and Khanna, Pardeep and Kishore, Jugal},
  journal={International journal of Ayurveda research},
  volume={1},
  number={4},
  pages={274},
  year={2010},
  publisher={Wolters Kluwer--Medknow Publications}
}

@article{rich2010practical,
  title={A practical guide to understanding Kaplan-Meier curves},
  author={Rich, Jason T and Neely, J Gail and Paniello, Randal C and Voelker, Courtney CJ and Nussenbaum, Brian and Wang, Eric W},
  journal={Otolaryngologyâ€”Head and Neck Surgery},
  volume={143},
  number={3},
  pages={331--336},
  year={2010},
  publisher={SAGE Publications Sage CA: Los Angeles, CA}
}

@article{dabrowska1988kaplan,
  title={Kaplan-Meier estimate on the plane},
  author={Dabrowska, Dorota M},
  journal={The Annals of Statistics},
  pages={1475--1489},
  year={1988},
  publisher={JSTOR}
}

@article{miller1983price,
  title={What price kaplan-meier?},
  author={Miller Jr, Rupert G},
  journal={Biometrics},
  pages={1077--1081},
  year={1983},
  publisher={JSTOR}
}

@article{jager2008analysis,
  title={The analysis of survival data: the Kaplan--Meier method},
  author={Jager, Kitty J and Van Dijk, Paul C and Zoccali, Carmine and Dekker, Friedo W},
  journal={Kidney international},
  volume={74},
  number={5},
  pages={560--565},
  year={2008},
  publisher={Elsevier}
}

@article{colosimo2002empirical,
  title={Empirical comparisons between Kaplan-Meier and Nelson-Aalen survival function estimators},
  author={Colosimo, Enrico and Ferreira, Fla{\'{}} vio and Oliveira, Maristela and Sousa, Cleide},
  journal={Journal of Statistical Computation and Simulation},
  volume={72},
  number={4},
  pages={299--308},
  year={2002},
  publisher={Taylor \& Francis}
}

@article{klein1991small,
  title={Small sample moments of some estimators of the variance of the Kaplan-Meier and Nelson-Aalen estimators},
  author={Klein, John P},
  journal={Scandinavian Journal of Statistics},
  pages={333--340},
  year={1991},
  publisher={JSTOR}
}

@article{cao2005presmoothed,
  title={Presmoothed Kaplan--Meier and Nelson--Aalen estimators},
  author={Cao, Ricardo and L{\'o}pez-de-Ullibarri, Ignacio and Janssen, Paul and Veraverbeke, No{\"e}l},
  journal={Journal of Nonparametric Statistics},
  volume={17},
  number={1},
  pages={31--56},
  year={2005},
  publisher={Taylor \& Francis}
}

@article{hu2020modified,
  title={Modified Kaplan--Meier estimator and Nelson--Aalen estimator with geographical weighting for survival data},
  author={Hu, Guanyu and Huffer, Fred},
  journal={Geographical Analysis},
  volume={52},
  number={1},
  pages={28--48},
  year={2020},
  publisher={Wiley Online Library}
}

@article{njamen2014nelson,
  title={Nelson-Aalen and Kaplan-Meier estimators in competing risks},
  author={Njamen-Njomen, Didier Alain and Ngatchou-Wandji, Joseph},
  journal={Applied Mathematics},
  volume={2014},
  year={2014},
  publisher={Scientific Research Publishing}
}

@article{gepp2008role,
  title={The role of survival analysis in financial distress prediction},
  author={Gepp, Adrian and Kumar, Kuldeep},
  journal={International research journal of finance and economics},
  volume={16},
  number={16},
  pages={13--34},
  year={2008},
  publisher={EuroJournals}
}

@article{lee2014business,
  title={Business bankruptcy prediction based on survival analysis approach},
  author={Lee, Ming-Chang},
  journal={International Journal of Computer Science \& Information Technology},
  volume={6},
  number={2},
  pages={103},
  year={2014},
  publisher={Citeseer}
}

@inproceedings{goodwin2002decision,
  title={A decision-support system for quote generation},
  author={Goodwin, Richard and Akkiraju, Rama and Wu, Fred},
  booktitle={AAAI/IAAI},
  pages={830--837},
  year={2002}
}

@article{xue2016pricing,
  title={Pricing personalized bundles: A new approach and an empirical study},
  author={Xue, Zhengliang and Wang, Zizhuo and Ettl, Markus},
  journal={Manufacturing \& Service Operations Management},
  volume={18},
  number={1},
  pages={51--68},
  year={2016},
  publisher={INFORMS}
}

@article{lo2002econometric,
  title={Econometric models of limit-order executions},
  author={Lo, Andrew W and MacKinlay, A Craig and Zhang, June},
  journal={Journal of Financial Economics},
  volume={65},
  number={1},
  pages={31--71},
  year={2002},
  publisher={Elsevier}
}

@article{datta2001validity,
  title={Validity of the Aalen--Johansen estimators of stage occupation probabilities and Nelson--Aalen estimators of integrated transition hazards for non-Markov models},
  author={Datta, Somnath and Satten, Glen A},
  journal={Statistics \& probability letters},
  volume={55},
  number={4},
  pages={403--411},
  year={2001},
  publisher={Elsevier}
}

@article{borgan2014n,
  title={N elson--A alen Estimator},
  author={Borgan, {\O}rnulf},
  journal={Wiley StatsRef: Statistics Reference Online},
  year={2014},
  publisher={Wiley Online Library}
}

@article{de2004nelson,
  title={Nelson--Aalen and product-limit estimation in selection bias models for censored populations},
  author={De U{\~n}a-{\'A}lvarez, Jacobo},
  journal={Journal of Nonparametric Statistics},
  volume={16},
  number={5},
  pages={761--777},
  year={2004},
  publisher={Taylor \& Francis}
}

@article{bluhmki2018wild,
  title={A wild bootstrap approach for the Aalen--Johansen estimator},
  author={Bluhmki, Tobias and Schmoor, Claudia and Dobler, Dennis and Pauly, Markus and Finke, Juergen and Schumacher, Martin and Beyersmann, Jan},
  journal={Biometrics},
  volume={74},
  number={3},
  pages={977--985},
  year={2018},
  publisher={Wiley Online Library}
}

@article{brahimi2015nelson,
  title={Nelson-Aalen tail product-limit process and extreme value index estimation under random censorship},
  author={Brahimi, Brahim and Meraghni, Djamel and Necir, Abdelhakim},
  journal={arXiv preprint arXiv:1502.03955},
  year={2015}
}

@article{luo1993bias,
  title={Bias and mean-square error for the Kaplan-Meier and Nelson-Aalen estimators},
  author={Luo, Dali and Saunders, Sam C},
  journal={Journal of Nonparametric Statistics},
  volume={3},
  number={1},
  pages={37--51},
  year={1993},
  publisher={Taylor \& Francis}
}

@article{zhou1991some,
  title={Some properties of the Kaplan-Meier estimator for independent nonidentically distributed random variables},
  author={Zhou, Mai},
  journal={The Annals of Statistics},
  pages={2266--2274},
  year={1991},
  publisher={JSTOR}
}

@article{winnett2002adjusted,
  title={Adjusted nelson--aalen estimates with retrospective matching},
  author={Winnett, Angela and Sasieni, Peter},
  journal={Journal of the American Statistical Association},
  volume={97},
  number={457},
  pages={245--256},
  year={2002},
  publisher={Taylor \& Francis}
}

@article{anevski2017functional,
  title={Functional central limit theorems for the Nelson--Aalen and Kaplan--Meier estimators for dependent stationary data},
  author={Anevski, Dragi},
  journal={Statistics \& Probability Letters},
  volume={124},
  pages={83--91},
  year={2017},
  publisher={Elsevier}
}

@article{njomen2017convergence,
  title={Convergence of the nelson-aalen estimator in competing risks},
  author={Njomen, DA Njamen},
  journal={International Journal of Statistics and Probability},
  volume={6},
  number={3},
  pages={9--23},
  year={2017}
}

@article{njomen2019asymptotic,
  title={Asymptotic Normality of the Nelson-Aalen and the Kaplan-Meier Estimators in Competing Risks},
  author={Njomen, Didier Alain Njamen},
  journal={Applied Mathematics},
  volume={10},
  number={7},
  pages={545--560},
  year={2019},
  publisher={Scientific Research Publishing}
}

@incollection{luo2011conditional,
  title={Conditional Nelson-Aalen and Kaplan-Meier Estimators with M{\"u}ller-Wang Boundary Kernel},
  author={Luo, Xiaodong and Tsai, Wei-Yann},
  booktitle={Recent Advances in Biostatistics: False Discovery Rates, Survival Analysis, and Related Topics},
  pages={61--86},
  year={2011},
  publisher={World Scientific}
}

@article{zhousemiparametric,
  title={Semiparametric Observed Information for Kaplan-Meier Integrals and Nelson-Aalen Integrals},
  author={Zhou, Mai},
  year={2010}
}

@article{efron1988logistic,
  title={Logistic regression, survival analysis, and the Kaplan-Meier curve},
  author={Efron, Bradley},
  journal={Journal of the American statistical Association},
  volume={83},
  number={402},
  pages={414--425},
  year={1988},
  publisher={Taylor \& Francis}
}

@article{stel2011survival,
  title={Survival analysis I: the Kaplan-Meier method},
  author={Stel, Vianda S and Dekker, Friedo W and Tripepi, Giovanni and Zoccali, Carmine and Jager, Kitty J},
  journal={Nephron Clinical Practice},
  volume={119},
  number={1},
  pages={c83--c88},
  year={2011},
  publisher={S. Karger AG}
}

@article{peterson1977expressing,
  title={Expressing the Kaplan-Meier estimator as a function of empirical subsurvival functions},
  author={Peterson Jr, Arthur V},
  journal={Journal of the American Statistical Association},
  volume={72},
  number={360a},
  pages={854--858},
  year={1977},
  publisher={Taylor \& Francis}
}

@article{statistics2015kaplan,
  title={Kaplan-Meier using SPSS statistics},
  author={Statistics, Laerd},
  journal={Statistical tutorials and software guides},
  year={2015}
}

@article{meier2004price,
  title={The price of Kaplan--Meier},
  author={Meier, Paul and Karrison, Theodore and Chappell, Rick and Xie, Hui},
  journal={Journal of the American Statistical Association},
  volume={99},
  number={467},
  pages={890--896},
  year={2004},
  publisher={Taylor \& Francis}
}

@article{akritas1986bootstrapping,
  title={Bootstrapping the kaplanâ€”meier estimator},
  author={Akritas, Michael G},
  journal={Journal of the American Statistical Association},
  volume={81},
  number={396},
  pages={1032--1038},
  year={1986},
  publisher={Taylor \& Francis}
}

@article{kaplan1958nonparametric,
  title={Nonparametric estimation from incomplete observations},
  author={Kaplan, Edward L and Meier, Paul},
  journal={Journal of the American statistical association},
  volume={53},
  number={282},
  pages={457--481},
  year={1958},
  publisher={Taylor \& Francis}
}

@misc{meyer1988unemployment,
  title={Unemployment insurance and unemployment spells},
  author={Meyer, Bruce D},
  year={1988},
  publisher={National Bureau of Economic Research Cambridge, Mass., USA}
}

@article{stalpers2018edward,
  title={Edward L. Kaplan and the Kaplan-Meier survival curve},
  author={Stalpers, Lukas JA and Kaplan, Edward L},
  journal={BSHM Bulletin: Journal of the British Society for the History of Mathematics},
  volume={33},
  number={2},
  pages={109--135},
  year={2018},
  publisher={Taylor \& Francis}
}

@article{nelson1972theory,
  title={Theory and applications of hazard plotting for censored failure data},
  author={Nelson, Wayne},
  journal={Technometrics},
  volume={14},
  number={4},
  pages={945--966},
  year={1972},
  publisher={Taylor \& Francis}
}

@article{nelson1969hazard,
  title={Hazard plotting for incomplete failure data},
  author={Nelson, Wayne},
  journal={Journal of Quality Technology},
  volume={1},
  number={1},
  pages={27--52},
  year={1969},
  publisher={Taylor \& Francis}
}

@article{lebaron1998bootstrap,
  title={A bootstrap evaluation of the effect of data splitting on financial time series},
  author={LeBaron, Blake and Weigend, Andreas S},
  journal={IEEE Transactions on Neural Networks},
  volume={9},
  number={1},
  pages={213--220},
  year={1998},
  publisher={IEEE}
}


